-- https://github.com/piccoli/PP-LaTeX/blob/master/exemplo-bib.bib

@book{Smart2014,
  title={BDD in Action: Behavior-Driven Development for the Whole Software Lifecycle},
  author={Smart, John},
  year={2014},
  address = {Shelter Island, NY},
  publisher={Manning Publications},
  pages={384}
}

%http://community.dur.ac.uk/ebse/biblio.php%3Fid=51
%https://www.dropbox.com/home/Mestrado/Metodologia%20Pesquisa/RevisaoSistematica?preview=04.Guidelines+for+performing+Systematic+Literature+Reviews+in+Software+Engineering.pdf
@techreport{Kitchenham_2007,
	author = {Barbara Kitchenham and Stuart Charters},
	title = {Guidelines for performing Systematic Literature Reviews in Software Engineering},
	year = 2007,
	institution = {Keele University and Durham University Joint Report},
	number = "EBSE 2007-001",
};

%http://www.amazon.com/Evidence-Based-Engineering-Systematic-Innovations-Development/dp/1482228653
%
@book{Kitchenham_2015_Evidence_Based_Software_Engineering_and_Systematic_Reviews,
   author={Kitchenham, B. and Budgen, D. and Brereton, P.},
   howpublished={Paperback},
   month={November},
   numpages={433},
   publisher={{Chapman and Hall/CRC}},
   title={Evidence-Based Software Engineering and Systematic Reviews},
   year={2015},
}

%33.Requirements engineering in agile projects A systematic mapping based in evidences of industry.pdf
@CONFERENCE{Medeiros_2015,
author={Medeiros, J.D.R.V. and Alves, D.C.P. and Vasconcelos, A. and Silva, C. and Wanderley, E.},
title={Requirements engineering in agile projects: A systematic mapping based in evidences of industry},
booktitle={Ibero-American Conference on Software Engineering},
year={2015},
pages={460-473}
}

@ARTICLE{Tiwari_2015,
author={Tiwari, S. and Gupta, A.},
title={A systematic literature review of use case specifications research},
journal={Information and Software Technology},
year={2015},
volume={67},
pages={128-158},
doi={10.1016/j.infsof.2015.06.004}
}

@CONFERENCE{Lucassen_2015,
author={Lucassen, G. and Dalpiaz, F. and VanDerWerf, J.M.E.M. and Brinkkemper, S.},
title={Forging high-quality User Stories: Towards a discipline for Agile Requirements},
journal={International Requirements Engineering Conference},
year={2015},
pages={126-135},
doi={10.1109/RE.2015.7320415},
art_number={7320415}
}

%2015_Inayat_A systematic literature review on agile requirements engineering.pdf
@ARTICLE{Inayat_2015,
author={Irum Inayat and Siti Salwah Salim and Sabrina Marczak and Maya Daneva and Shahaboddin Shamshirband},
title={A systematic literature review on agile requirements engineering practices and challenges},
journal={Computers in Human Behavior},
year={2015},
}

@ARTICLE{Attar_2012,
author={ElAttar, M. and Miller, J.},
title={Constructing high quality use case models: a systematic review of current practices},
journal={Requirements Engineering},
year={2012},
volume={17},
pages={187-201},
doi={10.1007/s00766-011-0135-y}
}

@inproceedings{Start_2012,
  author    = {Sandra Fabbri and
               Elis Montoro Hernandes and
               Andr{\'{e}} Di Thommazo and
               Anderson Belgamo and
               Augusto Zamboni and
               Cleiton Silva},
  title     = {Managing Literature Reviews Information through Visualization},
  booktitle = {International Conference on Enterprise Information Systems},
  pages     = {36--45},
  year      = {2012},
  biburl    = {http://dblp.uni-trier.de/rec/bib/conf/iceis/FabbriHTBZS12},
  bibsource = {dblp computer science bibliography, http://dblp.org}
}

@book{Cohn_2004,
 author = {Cohn, Mike},
 title = {User Stories Applied: For Agile Software Development},
 year = {2004},
 isbn = {0321205685},
 publisher = {Addison Wesley Longman Publishing Co., Inc.},
 address = {Redwood City, CA, USA},
} 

%Downloads/BABOK.3.0
@book{Babok_2015,
 author = {IIBA},
 title = {A Guide to the Business Analysis Body of Knowledge (BABOK Guide) 3rd Edition},
 year = {2015},
 isbn = {1927584027},
 publisher = {International Institute of Business Analysis}
} 

%Downloads/BABOK.2.0
@book{Babok_2009,
 author = {IIBA},
 title = {A Guide to the Business Analysis Body of Knowledge (BABOK Guide) 2nd Edition},
 year = {2009},
 isbn = {0981129218},
 publisher = {International Institute of Business Analysis}
} 

@misc{SMART_INVEST_2013,
   author={Bill Wake},
   title={{INVEST} in good stories and {SMART} tasks},
   howpublished={http://xp123.com/articles/invest-in-good-stories-and-smart-tasks/},
   year={2003},
   note = {Visited in: 2016-08-13}
}

@misc{Agile_Manifesto_2001,
   author = {Kent Beck, Alistair Cockburn, Martin Fowler and others},
   title={Agile Manifesto: Manifesto for Agile Software Development},
   url={http://www.agilemanifesto.org/},
   year={2001},
   note = {Visited in: 2016-08-13}
}

@inproceedings{Heikkil_2015,
  author    = {Ville T. Heikkila and
               Daniela Damian and
               Casper Lassenius and
               Maria Paasivaara},
  title     = {A Mapping Study on Requirements Engineering in Agile Software Development},
  booktitle = {Euromicro Conference on Software Engineering and Advanced Applications},
  year      = {2015},
  url       = {http://dx.doi.org/10.1109/SEAA.2015.70},
  doi       = {10.1109/SEAA.2015.70},
}

@inproceedings{Saito_PQM_13,
  author    = {Shinobu Saito and
               Mutsuki Takeuchi and
               Masatoshi Hiraoka and
               Tsuyoshi Kitani and
               Mikio Aoyama},
  title     = {Requirements clinic: Third party inspection methodology and practice for improving the quality of software requirements specifications},
  booktitle = {21st {IEEE} International Requirements Engineering Conference},
  year      = {2013},
  doi       = {10.1109/RE.2013.6636732}
}

@article{KANO84,
  author = {KANO, Noriaki and SERAKU, Nobuhiko and TAKAHASHI, Fumio and ichi TSUJI, Shin},
  issn = {03868230},
  journal = {Journal of the Japanese Society for Quality Control},
  pages = {147-156},
  publisher = {The Japanese Society for Quality Control},
  title = {Attractive Quality and Must-Be Quality},
  year = {1984}
}

%114.Best Practices Guidelines for Agile Requirements Engineering Practices.pdf
@article{Best_Practices_Guidelines_2014, 
author = {Patel, Chetankumar and Ramachandran, Muthu},
title = {Best Practices Guidelines for Agile Requirements Engineering Practices},
journal = {Handbook of Research on Software Engineering and Productivity Technologies: Implications of Globalization},
year = {2010}
}

@misc{CHAOS_2015,
   author = {{The standish group}},
   title={{CHAOS}},
   howpublished={https://www.projectsmart.co.uk/white-papers/chaos\\-report.pdf},
   year={2015},
   note = {Visited in: 2016-08-13}
}

%109.Requirements engineering in agile software development.pdf
@inproceedings{Paetsch_2003,
 author = {Paetsch, Frauke and Eberlein, Armin and Maurer, Frank},
 title = {Requirements Engineering and Agile Software Development},
 booktitle={Enabling Technologies: Infrastructure for Collaborative Enterprises},
 year={2003}, 
 pages={308-313}, 
 month = {June}
} 

%http://doi.acm.org/10.1145/2745802.2745813
@inproceedings{Mendes_2015,
 author = {Usman, Muhammad and Mendes, Emilia and B\"{o}rstler, J\"{u}rgen},
 title = {Effort Estimation in Agile Software Development: A Survey on the State of the Practice},
 booktitle = {Proceedings of the International Conference on Evaluation and Assessment in Software Engineering},
 year = {2015},
 publisher = {ACM}
} 

%doi={10.1007/978-3-319-30282-9_10}
@ARTICLE{Langenfeld_2016,
author={Langenfeld, V. and Post, A. and Podelski, A.},
title={Requirements defects over a project lifetime: An empirical analysis of defect data from a 5-year automotive project at Bosch},
journal={Lecture Notes in Computer Science (including subseries Lecture Notes in Artificial Intelligence and Lecture Notes in Bioinformatics)},
year={2016},
pages={145-160},
}
