

@inproceedings{Neely_Stolt_2013,
 author = {Neely, Steve and Stolt, Steve},
 title = {Continuous Delivery? Easy! Just Change Everything (Well, Maybe It Is Not That Easy)},
 booktitle = {Agile Conference},
 year = {2013}
}

@inproceedings{Fitzgerald_Stol_2014,
 author = {Fitzgerald, Brian and Stol, Klaas-Jan},
 title = {Continuous Software Engineering and Beyond: Trends and Challenges},
 booktitle = {Proceedings of the 1st International Workshop on Rapid Continuous Software Engineering},
 year = {2014},
}

@CONFERENCE{Lucassen_et_dot_al_2015,
  author = {Lucassen, G. and Dalpiaz, F. and VanDerWerf, J.M.E.M. and Brinkkemper, S.},
  title = {Forging high-quality User Stories: Towards a discipline for Agile Requirements},
  booktitle = {International Requirements Engineering Conference},
  year = {2015}  
}

@misc{Jeffries_2001,
   author={Ron Jeffries},
   title={Essential XP: Card, Conversation, Confirmation},
   howpublished = {\url{http://ronjeffries.com/xprog/articles/expcardconversationconfirmation}},
   note={Visited in: Jan. 2017},
   year={2001}
}

@misc{CHAOS_2015,
   author = {{The standish group}},
   title={{CHAOS}},
   howpublished = {\url{https://www.projectsmart.co.uk/white-papers/chaos-report.pdf}},
   year={2015},
   note = {Visited in: Jan. 2017}
}

@misc{VisionBoard,
   author = {Roman Pichler},
   title={The Product Vision Board},
   year={2011},
   howpublished = {\url{http://www.romanpichler.com/blog/the-product-vision-board}},
   note = {Visited in: Jan. 2017}
}

@article{Phalp_et_dot_al_2011,
  author = {Phalp, Keith and Adlem, Anita and Jeary, Sheridan and Vincent, Jonathan and Kanyaru, John Mathenge},
  journal = {Software Quality Journal},
  title = {The role of comprehension in requirements and implications for use case descriptions.},
  year = 2011
}

@book{Smart_2014,
  title={BDD in Action: Behavior-Driven Development for the Whole Software Lifecycle},
  author={Smart, John},
  year={2014},
  publisher={Manning Publications}
}

@book{Humble_Farley_2010,
 author = {Humble, Jez and Farley, David},
 title = {Continuous Delivery: Reliable Software Releases Through Build, Test, and Deployment Automation},
 year = {2010},
 publisher = {Addison-Wesley Professional},
} 

@book{Babok_2015,
 author = {IIBA},
 title = {A Guide to the Business Analysis Body of Knowledge (BABOK Guide) 3rd Edition},
 year = {2015},
 publisher = {International Institute of Business Analysis}
}

@book{Jeffries__Anderson_and_Hendrickson_2000,
 author = {Jeffries, Ron E. and Anderson, Ann and Hendrickson, Chet},
 title = {Extreme Programming Installed},
 year = {2000},
 publisher = {Addison-Wesley Professional}
}

@book{Cohn_2004,
 author = {Cohn, Mike},
 title = {User Stories Applied: For Agile Software Development},
 year = {2004},
 publisher = {Addison Wesley Longman Publishing Co., Inc.},
}

@book{Cockburn_2000,
 author = {Cockburn, Alistair},
 title = {Writing Effective Use Cases},
 year = {2000},
 publisher = {Addison-Wesley Longman Publishing Co., Inc.}
}

@book{Babok_2009,
 author = {IIBA},
 title = {A Guide to the Business Analysis Body of Knowledge (BABOK Guide) 2nd Edition},
 year = {2009},
 publisher = {International Institute of Business Analysis}
}

@book{Gartner_2012,
 author = {Gartner, M.},
 title = {ATDD by Example: A Practical Guide to Acceptance Test-Driven Development},
 year = {2012},
 publisher = {Addison-Wesley Professional},
}