-- https://github.com/piccoli/PP-LaTeX/blob/master/exemplo-bib.bib

-- http://community.dur.ac.uk/ebse/biblio.php%3Fid=51
@techreport{Kitchenham_2007,
	author = {Barbara Kitchenham and Stuart Charters},
	title = {Guidelines for performing Systematic Literature Reviews in Software Engineering},
	year = 2007,
	institution = {Keele University and Durham University Joint Report},
	number = "EBSE 2007-001",
};

%%%%%%%%%%%% CONFERENCE

@CONFERENCE{Medeiros_2015,
author={Medeiros, J.D.R.V. and Alves, D.C.P. and Vasconcelos, A. and Silva, C. and Wanderley, E.},
title={Requirements engineering in agile projects: A systematic mapping based in evidences of industry},
journal={Ibero-American Conference on Software Engineering},
year={2015}
}

@CONFERENCE{Lucassen_et_dot_al_2015,
    author={Lucassen, G. and Dalpiaz, F. and VanDerWerf, J.M.E.M. and Brinkkemper, S.},
    title={Forging high-quality User Stories: Towards a discipline for Agile Requirements},
    journal={International Requirements Engineering Conference},
    year={2015}
}

%%%%%%%% INPROCEEDINGS

@inproceedings{Heck_and_Zaidman_2015,
  author = {Heck, Petra and Zaidman, Andy},
  booktitle = {JITRE},
  title = {Quality criteria for just-in-time requirements: just enough, just-in-time?},
  year = 2015
}

@INPROCEEDINGS{Heikkila_et_dot_al_2015, 
    author={V. T. Heikkilä and D. Damian and C. Lassenius and M. Paasivaara}, 
    booktitle={Euromicro Conference on Software Engineering and Advanced Applications}, 
    title={A Mapping Study on Requirements Engineering in Agile Software Development}, 
    year={2015}
}

@INPROCEEDINGS{Haugset_and_Hanssen_2011, 
    author={B. Haugset and G. K. Hanssen}, 
    booktitle={Agile Conference}, 
    title={The Home Ground of Automated Acceptance Testing: Mature Use of FitNesse}, 
    year={2011}
}

@INPROCEEDINGS{Haugset_and_Hanssen_2008, 
    author={B. Haugset and G. K. Hanssen}, 
    booktitle={Agile Conference}, 
    title={Automated Acceptance Testing: A Literature Review and an Industrial Case Study}, 
    year={2008}
}

@INPROCEEDINGS{Davis_1993,
  author = {A. Davis and S. Overmyer and K. Jordan and J. Caruso and F. Dandashi
	and A. Dinh and G. Kincaid and G. Ledeboer and P. Reynolds and P.
	Sitaram and A. Ta and M. Theofanos},
  title = {Identifying and measuring quality in a software requirements specification},
  booktitle = {Proceedings of the First International Software Metrics Symposium},
  year = {1993}
}

@inproceedings{Paetsch_et_dot_al_2003,
    author = {Paetsch, Frauke and Eberlein, Armin and Maurer, Frank},
    title = {Requirements Engineering and Agile Software Development},
    booktitle={Enabling Technologies: Infrastructure for Collaborative Enterprises},
    year={2003}, 
} 


%%%%%%%% INBOOK

@Inbook{Melnik_2007,
    author="Melnik, Grigori and Maurer, Frank",
    title="Multiple Perspectives on Executable Acceptance Test-Driven Development",
    bookTitle="Agile Processes in Software Engineering and Extreme Programming",
    year="2007",
    publisher="Springer Berlin Heidelberg",
    isbn="978-3-540-73101-6"
}

@Inbook{Melnik_2004,
    author="Melnik, Grigori and Read, Kris and Maurer, Frank",
    title="Suitability of FIT User Acceptance Tests for Specifying Functional Requirements: Developer Perspective",
    bookTitle="Extreme Programming and Agile Methods",
    year="2004",
    publisher="Springer Berlin Heidelberg",
    isbn="978-3-540-27777-4"
}

@Inbook{Park_2010,
    author="Park, Shelly and Maurer, Frank",
    title="A Literature Review on Story Test Driven Development",
    bookTitle="Agile Processes in Software Engineering and Extreme Programming",
    year="2010",
    publisher="Springer Berlin Heidelberg",
    isbn="978-3-642-13054-0"
}

%%%%%%% MISC

@MISC{Glinz_2000,
    author = {Martin Glinz},
    title = {Improving the Quality of Requirements with Scenarios},
    year = {2000}
}

@misc{Jeffries_2001,
   author={Ron Jeffries},
   title={Essential XP: Card, Conversation, Confirmation},
   url={http://ronjeffries.com/xprog/articles/expcardconversationconfirmation/},
   urlaccessdate={Jul. 2016},
   year={2001}
}


%%%%%%% ARTICLE

@article{Genova_2013,
    author="G{\'e}nova, Gonzalo
    and Fuentes, Jos{\'e} M.
    and Llorens, Juan
    and Hurtado, Omar
    and Moreno, Valent{\'i}n",
    title="A framework to measure and improve the quality of textual requirements",
    journal="Requirements Engineering",
    year="2013"
}

@article{Kaner_2003,
   author={Cem Kaner},
   journal={STQE, the software testing and quality engineering magazine},
   title={The Power of 'What If…' and Nine Ways to Fuel Your Imagination},
   year={2003},
}

@ARTICLE{Inayat_2015,
    author={Irum Inayat and Siti Salwah Salim and Sabrina Marczak and Maya Daneva and Shahaboddin Shamshirband},
    title={A systematic literature review on agile requirements engineering practices and challenges},
    journal={Computers in Human Behavior},
    year={2015}
}

@ARTICLE{Attar_2012,
    author={ElAttar, M. and Miller, J.},
    title={Constructing high quality use case models: a systematic review of current practices},
    journal={Requirements Engineering},
    year={2012}
}

@ARTICLE{Duncan_2001,
    author={Duncan, Richard },
    title={The Quality of Requirements in Extreme Programming},
    journal={The Journal of Defence Software Engineering},
    year={2001}
}

@article{Cao_2008,
  author = {Cao, Lan and Ramesh, Balasubramaniam},
  journal = {IEEE Software},
  title = {Agile Requirements Engineering Practices: An Empirical Study},
  year = 2008
}

@ARTICLE{Tiwari_2015,
    author={Tiwari, S. and Gupta, A.},
    title={A systematic literature review of use case specifications research},
    journal={Information and Software Technology},
    year={2015}
}

@article{Phalp_et_dot_al_2011,
  author = {Phalp, Keith and Adlem, Anita and Jeary, Sheridan and Vincent, Jonathan and Kanyaru, John Mathenge},
  journal = {Software Quality Journal},
  title = {The role of comprehension in requirements and implications for use case descriptions.},
  year = 2011
}

%%%%%%%%%%%%%%%% BOOK

@book{Jeffries_2000,
 author = {Jeffries, Ron E. and Anderson, Ann and Hendrickson, Chet},
 title = {Extreme Programming Installed},
 year = {2000},
 isbn = {0201708426, 978-0201708424},
 publisher = {Addison-Wesley Professional}
} 

@book{Beck_Fowler_2000,
 author = {Kent Beck, Martin Fowler},
 title = {Planning Extreme Programming},
 year = {2000},
 isbn = {0201710919, 078-5342710915},
 publisher = {Addison-Wesley Professional}
} 

@book{Alexander_2004,
 author = {Alexander, Ian F. and Maiden, Neil},
 title = {Scenarios,Stories, Use Cases: Through the Systems Development Life-Cycle},
 year = {2004},
 isbn = {0470861940, 9780470861943},
 publisher = {Wiley Publishing}
} 

@book{Rinzler_2009,
 author = {Rinzler, Ben},
 title = {Telling Stories: A Short Path to Writing Better Software Requirements},
 year = {2009},
 isbn = {0470437006, 9780470437001},
 publisher = {John Wiley and Sons},
}

@book{Adzic_2011,
 author = {Adzic, Gojko},
 title = {Specification by Example: How Successful Teams Deliver the Right Software},
 year = {2011},
 isbn = {1617290084, 9781617290084},
 publisher = {Manning Publications Co.}
} 

@book{Smart_2014,
 author = {Smart,John Ferguson},
 title = {BDD in Action: Behavior-driven development for the whole software lifecycle},
 year = {2014},
 isbn = {161729165X, 978-1617291654},
 publisher = {Manning Publications Co.}
} 

@book{Babok_2015,
 author = {IIBA},
 title = {A Guide to the Business Analysis Body of Knowledge (BABOK Guide) 3rd Edition},
 year = {2015},
 isbn = {1927584027, 978-1927584026},
 publisher = {International Institute of Business Analysis}
}

@book{Babok_2009,
 author = {IIBA},
 title = {A Guide to the Business Analysis Body of Knowledge (BABOK Guide) 2nd Edition},
 year = {2009},
 isbn = {0981129218, 978-0981129211},
 publisher = {International Institute of Business Analysis}
} 

--http://www.amazon.com/Evidence-Based-Engineering-Systematic-Innovations-Development/dp/1482228653
@book{Kitchenham_2015_Evidence_Based_Software_Engineering_and_Systematic_Reviews,
   author={Kitchenham, B. and Budgen, D. and Brereton, P.},
   publisher={{Chapman and Hall/CRC}},
   title={Evidence-Based Software Engineering and Systematic Reviews},
   year={2015},
   isnb = {1482228653, 978-1482228656}
}

@book{Cohn_2004,
    author = {Cohn, Mike},
    title = {User Stories Applied: For Agile Software Development},
    year = {2004},
    isbn = {0321205685, 978-0321205681},
    publisher = {Addison Wesley Longman Publishing Co., Inc.}
}

@book{Gartner_2012,
 author = {Gartner, M.},
 title = {ATDD by Example: A Practical Guide to Acceptance Test-Driven Development},
 year = {2012},
 isbn = {0321784154, 9780321784155},
 publisher = {Addison-Wesley Professional},
}

@book{Cockburn_2000,
 author = {Cockburn, Alistair},
 title = {Writing Effective Use Cases},
 year = {2000},
 isbn = {0201702258, 978-0201702255},
 publisher = {Addison-Wesley Longman Publishing Co., Inc.}
}